<collection xmlns="http://www.loc.gov/MARC21/slim">
<record>
  <leader>01474nam0a2200253 i 450 </leader>
  <controlfield tag="001">IT\ICCU\CNCE\020958</controlfield>
  <controlfield tag="005">20130104000000.0</controlfield>
  <datafield tag="012" ind1=" " ind2=" ">
    <subfield code="a">erli heta tiri cofu (3) 1597 (A)</subfield>
    <subfield code="2">fei</subfield>
  </datafield>
  <datafield tag="100" ind1=" " ind2=" ">
    <subfield code="a">19970101d1597        0itac0103    ba</subfield>
  </datafield>
  <datafield tag="101" ind1=" " ind2=" ">
    <subfield code="a">ITA</subfield>
  </datafield>
  <datafield tag="102" ind1=" " ind2=" ">
    <subfield code="a">IT</subfield>
  </datafield>
  <datafield tag="200" ind1="1" ind2=" ">
    <subfield code="a">Giardino spirituale. Delicioso, e profiteuole per l&apos;anime deuote de&apos; fratelli, e sorelle ascritte nelle venerab. Compagnie della gloriosissima madre di Dio Maria di Consolatione, e della santa cintura del gran padre s. Agostino, e madre s. Monica, erette, et vnite nella chiesa di s. Agostino in Cremona, &amp; aggregate dal reuerendiss. p. maestro spirito vicentino generale della religione agostiniana, ... con vna tauola in fine di tutto ci ̣che nell&apos;opera si contiene</subfield>
  </datafield>
  <datafield tag="210" ind1=" " ind2=" ">
    <subfield code="a">In Cremona</subfield>
    <subfield code="c">per Barucino de&apos; Giouanni</subfield>
    <subfield code="d">1597</subfield>
  </datafield>
  <datafield tag="215" ind1=" " ind2=" ">
    <subfield code="a">108 p.</subfield>
    <subfield code="d">16ʻ</subfield>
  </datafield>
  <datafield tag="620" ind1=" " ind2=" ">
    <subfield code="a">IT</subfield>
    <subfield code="d">Cremona</subfield>
  </datafield>
  <datafield tag="712" ind1="0" ind2="0">
    <subfield code="a">Zanni, Barucino</subfield>
    <subfield code="3">IT\ICCU\CNCT\000799</subfield>
    <subfield code="4">650</subfield>
  </datafield>
  <datafield tag="791" ind1="0" ind2="2">
    <subfield code="a">Barucino di Giovanni</subfield>
    <subfield code="3">IT\ICCU\CNCT\002710</subfield>
    <subfield code="z">Zanni, Barucino</subfield>
  </datafield>
  <datafield tag="791" ind1="0" ind2="0">
    <subfield code="a">Giovanni, Barucino di</subfield>
    <subfield code="3">IT\ICCU\CNCT\002719</subfield>
    <subfield code="z">Zanni, Barucino</subfield>
  </datafield>
  <datafield tag="791" ind1="0" ind2="0">
    <subfield code="a">Zannius, Barucinus</subfield>
    <subfield code="3">IT\ICCU\CNCT\005811</subfield>
    <subfield code="z">Zanni, Barucino</subfield>
  </datafield>
  <datafield tag="791" ind1="0" ind2="0">
    <subfield code="a">Giovannis, Barucinus de</subfield>
    <subfield code="3">IT\ICCU\CNCT\005812</subfield>
    <subfield code="z">Zanni, Barucino</subfield>
  </datafield>
  <datafield tag="791" ind1="0" ind2="0">
    <subfield code="a">Zannis, Barucinus de</subfield>
    <subfield code="3">IT\ICCU\CNCT\005813</subfield>
    <subfield code="z">Zanni, Barucino</subfield>
  </datafield>
  <datafield tag="791" ind1="0" ind2="0">
    <subfield code="a">Zani, Barucino di</subfield>
    <subfield code="3">IT\ICCU\CNCT\005814</subfield>
    <subfield code="z">Zanni, Barucino</subfield>
  </datafield>
  <datafield tag="801" ind1=" " ind2="3">
    <subfield code="a">IT</subfield>
    <subfield code="b">ICCU</subfield>
    <subfield code="c">20201114</subfield>
  </datafield>
  <datafield tag="899" ind1=" " ind2=" ">
    <subfield code="a">Biblioteca del Seminario vescovile Santa Maria della Pace. Cremona</subfield>
    <subfield code="1">CR0061</subfield>
    <subfield code="2">PBE 48</subfield>
  </datafield>
</record>
</collection>
